@ONLINE{
	keerthi,
	author={S. Sathiya Keerthi, Chih-Jen Lin},
	language={english},
	title={Asymptotic Behaviors of Support Vector Machines with
Gaussian Kernel},
	year={2003}
}

